<?xml version="1.0" encoding="UTF-8"?><collection xmlns="http://www.loc.gov/MARC21/slim"><record><leader>00554nam--2200205-u-4500</leader><controlfield tag="001">000055944</controlfield><controlfield tag="002">20161230</controlfield><controlfield tag="005">20161230201052</controlfield><controlfield tag="008">130827s1000------------r-----000-0-rum-d</controlfield><datafield ind1=" " ind2=" " tag="040"><subfield code="a">IFIN-HH</subfield></datafield><datafield ind1=" " ind2=" " tag="041"><subfield code="a">rum</subfield></datafield><datafield ind1=" " ind2=" " tag="080"><subfield code="a">52</subfield></datafield><datafield ind1="1" ind2=" " tag="100"><subfield code="a">Stefan, I.M</subfield></datafield><datafield ind1="1" ind2="0" tag="245"><subfield code="a">Vecina noasrta, luna</subfield><subfield code="c">I.m. stefan</subfield></datafield><datafield ind1=" " ind2=" " tag="250"><subfield code="a">Editia A Doua Revazuta Si Adaugita</subfield></datafield><datafield ind1=" " ind2=" " tag="260"><subfield code="a">Bucuresti</subfield><subfield code="b">/F.Ed.</subfield><subfield code="c">1960</subfield></datafield><datafield ind1=" " ind2=" " tag="300"><subfield code="a">148P.+PLASE</subfield></datafield><datafield ind1=" " ind2=" " tag="490"><subfield code="a">Colectia Societatii Pentru Raspandirea Stiintei Si Culturii</subfield></datafield><datafield ind1=" " ind2=" " tag="852"><subfield code="a">77749</subfield><subfield code="c">521/522</subfield></datafield><datafield ind1=" " ind2=" " tag="CAT"><subfield code="a">Sys</subfield><subfield code="c">20130827</subfield><subfield code="h">142306</subfield></datafield></record></collection>